@article{potts2011,
    author    = "Christopher Potts",
    title     = "Sentiment Symposium Tutorial: Tokenizing",
    year      = "2011"
}
@unpublished{McCallumMALLET,
    author = "Andrew Kachites McCallum",
    title = "MALLET: A Machine Learning for Language Toolkit",
    note = "http://mallet.cs.umass.edu",
    year = 2002
}

@inproceedings{Pak10,
  added-at = {2010-06-01T10:23:44.000+0200},
  address = {Valletta, Malta},
  author = {Pak, Alexander and Paroubek, Patrick},
  biburl = {http://www.bibsonomy.org/bibtex/25656c3bb1adf00c58a85e3204096961c/frederik},
  booktitle = {Proceedings of the Seventh conference on International Language Resources and Evaluation (LREC'10)},
  date = {19-21},
  interhash = {ac930b0459a3c8a2fc2d74c52a475026},
  intrahash = {5656c3bb1adf00c58a85e3204096961c},
  isbn = {2-9517408-6-7},
  keywords = {imported},
  language = {english},
  month = may,
  publisher = {European Language Resources Association (ELRA)},
  timestamp = {2010-06-01T10:23:44.000+0200},
  title = {Twitter as a Corpus for Sentiment Analysis and Opinion Mining},
  url = {http://www.lrec-conf.org/proceedings/lrec2010/pdf/385\_Paper.pdf},
  year = 2010
}
@inproceedings{Ruiz,
 author = {Ruiz, Eduardo J. and Hristidis, Vagelis and Castillo, Carlos and Gionis, Aristides and Jaimes, Alejandro},
 title = {Correlating financial time series with micro-blogging activity},
 booktitle = {Proceedings of the fifth ACM international conference on Web search and data mining},
 series = {WSDM '12},
 year = {2012},
 isbn = {978-1-4503-0747-5},
 location = {Seattle, Washington, USA},
 pages = {513--522},
 numpages = {10},
 url = {http://doi.acm.org/10.1145/2124295.2124358},
 doi = {10.1145/2124295.2124358},
 acmid = {2124358},
 publisher = {ACM},
 address = {New York, NY, USA},
 keywords = {financial time series, micro-blogging, social networks}
} 

